@article{cf:1997:denicola,
        author = "de Nicola, C. AND Pinto, G. AND Tognaccini, R.",
        TITLE = "Stability of Two-Dimensional Model Problems
                 for Multiblock Structured Fluid-Dynamics Calculations",
        journal = cf,
        year = 1997,
        volume = 26,
        pages = "43--58",
        number=1
        }
@article{cf:1997:dambrosio,
        author = "D'Ambrosio, Dominic AND Marsilio, Roberto",
        TITLE = "A Numerical Method for Solving the Parabolized
                 Three-Dimensional Navier-Stokes Equations",
        journal = cf,
        year = 1997,
        volume = 26,
        pages = "587--611",
        number=6
        }
@article{cf:1998:miller,
        author = "Miller, J. H. AND Tannehill, J. C. AND Lawrence, S. L.
                  AND Edwards, T. A.",
        TITLE = "Parabolized Navier-Stokes Code for Hypersonic
                 Flows in Thermo-Chemical Equilibrium or Nonequilibrium",
        journal = cf,
        year = 1998,
        volume = 27,
        pages = "199--215",
        number=2
        }
@article{cf:1983:rubin,
        author = "Rubin, S. G. AND Reddy, D. R.",
        TITLE = "Analysis of Global Pressure Relaxation for Flows
                 with Strong Interaction and Separation",
        journal = cf,
        volume = 11,
        number=4,
        pages = "281--306",
        year = 1983
        }
@article{cf:1984:israeli,
        author = "Israeli, M. AND Lin, A.",
        TITLE = "Iterative Numerical Solutions and Boundary Conditions
                 for the Parabolized Navier-Stokes Equations",
        journal = cf,
        volume = 13,
        number=4,
        pages = "397--409",
        year = 1984
        }
@article{cf:2001:maccormack,
        author = "MacCormack, R. W.",
        TITLE = "Iterative Modified Approximate Factorization",
        journal = cf,
        volume = 30,
        number=8,
        pages = "917--925",
        year = 2001
        }

