@article{jfm:1974:brown,
        author = "Brown, G. L. AND Roshko, A.",
        TITLE = "On Density Effects and Large Structure in Turbulent Mixing Layers",
        journal = jfm,
        volume = 64,
        pages = "775-781",
        year = 1974
        }
@article{jfm:1988:papamoschou,
        author = "Papamoschou, D. and A. Roshko",
        TITLE = "The Compressible Turbulent Shear Layer: an
                    Experimental Study",
        journal = jfm,
        year = 1988,
        volume = 197,
        pages = "453--477"
        }
@article{jfm:1991:sarkar,
        author = "Sarkar, S. AND Erlebacher, G. AND Hussaini, M. Y. AND Kreiss, H. O.",
        TITLE = "The Analysis and Modeling of Dilatational Terms in Compressible Turbulence",
        journal = jfm,
        volume = 227,
        pages = "473-493",
        year = 1991
        }
@article{jfm:1972:coleman,
        author = "Coleman, G. T. AND Stollery, J. L.",
        TITLE = "Heat Transfer from Hypersonic Turbulent Flow at a Wedge Compression Corner",
        journal = jfm,
        volume = 56,
        pages = "741--752",
        year = 1972
        }
