@techreport{nasa:1963:mcbride,
        author = "McBride, B. J. and al.",
        TITLE = "Thermodynamic Properties to 6000 degrees K
                 for 210 Substances Involving the First 18 Elements",
        institution = "NASA",
        type = "SP",
        year = 1963,
        number = 3001
        }
@techreport{nasa:1971:beckwith,
        author = "Beckwith, I. E. and D. M. Bushnell",
        TITLE = "Calculation by a Finite-Difference Method of
                 Supersonic Turbulent Boundary Layers with
                 Tangential Slot Injection",
        institution = "NASA",
        type = "TN D",
        year = 1971,
        number = 6221
        }
@techreport{nasa:1973:marshall,
        author = "Marshall, C. B. and A. P. Kurkov",
        TITLE = "Analytical and Experimental Study of Supersonic
                 Combustion of Hydrogen in a Vitiated Air Stream",
        institution = "NASA",
        type = "TM X",
        year = 1973,
        number = 2828
        }
@techreport{nasa:1978:sislian,
        author = "Sislian, J. P.",
        TITLE = "Equations of Motion and Two-Equation Turbulence Model for Plane
                 or Axisymmetric Turbulent Flows in Body-Oriented Orthogonal
                 Curvilinear Coordinates and Mass-Averaged Dependent Variables",
        institution = "NASA",
        type = "CR",
        year = 1978,
        month = jan,
        number = 3025
        }
@techreport{nasa:1978:morrison,
        author = "Morrison, R. B.",
        TITLE = "Evaluation of the Oblique Detonation Wave Ramjet",
        institution = "NASA",
        type = "CR",
        year = 1978,
        number = 145358
        }
@techreport{nasa:1980:morrison,
        author = "Morrison, R. B.",
        TITLE = "Oblique Detonation Wave Ramjet",
        institution = "NASA",
        type = "CR",
        year = 1980,
        number = 159192
        }
@techreport{nasa:1985:nallasamy,
        author = "Nallasamy, M.",
        TITLE = "A Critical Evaluation of Various Turbulence Models
                 as Applied to Internal Fluid Flows",
        institution = "NASA",
        type = "TP",
        year = 1985,
        number = 2474
        }
@techreport{nasa:1985:coakley,
        author = "Coakley, T. J.",
        TITLE = "A Compressible Navier-Stokes Code for Turbulent
                    Flow Modeling",
        institution = "NASA",
        type = "TM",
        year = 1985,
        number = 85899
        }
@techreport{nasa:1987:yee,
        author = "Yee, H. C.",
        TITLE = "Upwind and Symmetric Shock-Capturing Schemes",
        institution = "NASA",
        type = "TM",
        year = 1987,
        number = 89464
        }
@techreport{nasa:1988:vinokur,
        author = "Vinokur, M.",
        TITLE = "Flux Jacobian Matrices and Generalized Roe Average
                 for an Equilibrium Real Gas",
        institution = "NASA",
        type = "CR",
        year = 1988,
        number = 177512
        }
@techreport{nasa:1988:jachimowsky,
        author = "Jachimowsky, C. J.",
        TITLE = "An Analytical Study of the Hydrogen-Air Reaction
                 Mechanism With Application To Scramjet Combustion",
        institution = "NASA",
        type = "TP",
        year = 1988,
        number = 2791
        }
@techreport{nasa:1993:mcbride,
        author = "McBride, B. J. and Reno, M. A.",
        TITLE = "Coefficients for Calculating Thermodynamic and
                    Transport Properties of Individual Species",
        institution = "NASA",
        type = "TM",
        year = 1993,
        month = oct,
        number = 4513
        }
@techreport{nasa:1994:coakley,
        author = "Coakley, T. J. AND Horstman, C. C. AND Marvin, J. G. AND Viegas, J. R. AND Bardina, J. E. AND Huang, P. G. AND Kussoy, M. I.",
        TITLE = "Turbulence Compressibility Corrections",
        institution = "NASA",
        type = "TM",
        year = 1994,
        month = may,
        number = 108827
        }
@techreport{nasa:2000:jones,
        author = "Jones, J. S. AND Bangert, L. S. AND Garber, D. P. AND Huebner, L. D.
                  AND McKinley Jr., R. E. AND Sutton, K. AND Swanson Jr., R. C.
                  AND Weinstein, L.",
        TITLE = "Research Opportunities in Advanced Aerospace Concepts",
        institution = "NASA",
        type = "TM",
        year = 2000,
        number = 210547
        }
@techreport{nasa:1997:kumar,
        author = "Kumar, A. AND Gnoffo, P. A. AND Moss, J. N. AND Drummond, J. P.",
        TITLE = "Advances in Computational Capabilities for Hypersonic Flows",
        institution = "NASA",
        year = 1997,
        note="Proceedings of the AGARD Conference on Future Aerospace Technology in Service to the Alliance"
        }
@techreport{nasa:1992:menter,
        author = "Menter, F. R.",
        TITLE = "Improved Two-Equation $k\omega$ Turbulence Model for Aerodynamic Flows",
        institution = "NASA",
        type = "TM",
        year = 1992,
        month = oct,
        number = 103975
        }
